[
  {
    "a": 828683256,
    "p": "32731.22000000",
    "q": "0.05000000",
    "f": 935171932,
    "l": 935171932,
    "T": 1624818328771,
    "m": false,
    "M": true
  },
  {
    "a": 828683257,
    "p": "32731.22000000",
    "q": "0.10000000",
    "f": 935171933,
    "l": 935171933,
    "T": 1624818328771,
    "m": false,
    "M": true
  },
  {
    "a": 828683258,
    "p": "32731.22000000",
    "q": "0.02677500",
    "f": 935171934,
    "l": 935171934,
    "T": 1624818328817,
    "m": false,
    "M": true
  },
  {
    "a": 828683259,
    "p": "32734.40000000",
    "q": "0.00035800",
    "f": 935171935,
    "l": 935171935,
    "T": 1624818329176,
    "m": false,
    "M": true
  },
  {
    "a": 828683260,
    "p": "32734.40000000",
    "q": "0.03054800",
    "f": 935171936,
    "l": 935171937,
    "T": 1624818329305,
    "m": false,
    "M": true
  },
  {
    "a": 828683261,
    "p": "32734.39000000",
    "q": "0.00209600",
    "f": 935171938,
    "l": 935171938,
    "T": 1624818329328,
    "m": true,
    "M": true
  },
  {
    "a": 828683262,
    "p": "32734.40000000",
    "q": "0.13923200",
    "f": 935171939,
    "l": 935171939,
    "T": 1624818329465,
    "m": false,
    "M": true
  },
  {
    "a": 828683263,
    "p": "32735.91000000",
    "q": "0.02300000",
    "f": 935171940,
    "l": 935171940,
    "T": 1624818329465,
    "m": false,
    "M": true
  },
  {
    "a": 828683264,
    "p": "32740.00000000",
    "q": "0.00054800",
    "f": 935171941,
    "l": 935171941,
    "T": 1624818329465,
    "m": false,
    "M": true
  },
  {
    "a": 828683265,
    "p": "32740.98000000",
    "q": "0.02000000",
    "f": 935171942,
    "l": 935171942,
    "T": 1624818329465,
    "m": false,
    "M": true
  },
  {
    "a": 828683266,
    "p": "32741.46000000",
    "q": "0.00916300",
    "f": 935171943,
    "l": 935171943,
    "T": 1624818329465,
    "m": false,
    "M": true
  },
  {
    "a": 828683267,
    "p": "32742.00000000",
    "q": "0.02000000",
    "f": 935171944,
    "l": 935171944,
    "T": 1624818329465,
    "m": false,
    "M": true
  },
  {
    "a": 828683268,
    "p": "32742.32000000",
    "q": "0.02000000",
    "f": 935171945,
    "l": 935171945,
    "T": 1624818329465,
    "m": false,
    "M": true
  },
  {
    "a": 828683269,
    "p": "32742.35000000",
    "q": "0.26805700",
    "f": 935171946,
    "l": 935171946,
    "T": 1624818329465,
    "m": false,
    "M": true
  },
  {
    "a": 828683270,
    "p": "32734.41000000",
    "q": "0.00613000",
    "f": 935171947,
    "l": 935171947,
    "T": 1624818329518,
    "m": false,
    "M": true
  },
  {
    "a": 828683271,
    "p": "32734.41000000",
    "q": "0.20221200",
    "f": 935171948,
    "l": 935171950,
    "T": 1624818329925,
    "m": false,
    "M": true
  },
  {
    "a": 828683272,
    "p": "32734.41000000",
    "q": "0.15888100",
    "f": 935171951,
    "l": 935171951,
    "T": 1624818329972,
    "m": false,
    "M": true
  },
  {
    "a": 828683273,
    "p": "32734.40000000",
    "q": "0.47689200",
    "f": 935171952,
    "l": 935171954,
    "T": 1624818330041,
    "m": true,
    "M": true
  },
  {
    "a": 828683274,
    "p": "32733.16000000",
    "q": "0.04000000",
    "f": 935171955,
    "l": 935171955,
    "T": 1624818330043,
    "m": true,
    "M": true
  },
  {
    "a": 828683275,
    "p": "32731.21000000",
    "q": "0.14175000",
    "f": 935171956,
    "l": 935171956,
    "T": 1624818330043,
    "m": true,
    "M": true
  },
  {
    "a": 828683276,
    "p": "32728.99000000",
    "q": "0.14825000",
    "f": 935171957,
    "l": 935171957,
    "T": 1624818330043,
    "m": true,
    "M": true
  },
  {
    "a": 828683277,
    "p": "32728.99000000",
    "q": "0.01175000",
    "f": 935171958,
    "l": 935171958,
    "T": 1624818330054,
    "m": true,
    "M": true
  },
  {
    "a": 828683278,
    "p": "32728.28000000",
    "q": "0.31825000",
    "f": 935171959,
    "l": 935171959,
    "T": 1624818330054,
    "m": true,
    "M": true
  },
  {
    "a": 828683279,
    "p": "32729.00000000",
    "q": "0.05661300",
    "f": 935171960,
    "l": 935171961,
    "T": 1624818330067,
    "m": true,
    "M": true
  },
  {
    "a": 828683280,
    "p": "32728.22000000",
    "q": "0.01146700",
    "f": 935171962,
    "l": 935171962,
    "T": 1624818330067,
    "m": true,
    "M": true
  },
  {
    "a": 828683281,
    "p": "32727.28000000",
    "q": "0.03444300",
    "f": 935171963,
    "l": 935171963,
    "T": 1624818330070,
    "m": true,
    "M": true
  },
  {
    "a": 828683282,
    "p": "32727.28000000",
    "q": "0.00555700",
    "f": 935171964,
    "l": 935171964,
    "T": 1624818330070,
    "m": true,
    "M": true
  },
  {
    "a": 828683283,
    "p": "32726.12000000",
    "q": "0.00241800",
    "f": 935171965,
    "l": 935171965,
    "T": 1624818330155,
    "m": false,
    "M": true
  },
  {
    "a": 828683284,
    "p": "32726.12000000",
    "q": "0.24758200",
    "f": 935171966,
    "l": 935171966,
    "T": 1624818330632,
    "m": false,
    "M": true
  },
  {
    "a": 828683285,
    "p": "32734.40000000",
    "q": "0.00555600",
    "f": 935171967,
    "l": 935171967,
    "T": 1624818331268,
    "m": true,
    "M": true
  },
  {
    "a": 828683286,
    "p": "32734.40000000",
    "q": "0.01131000",
    "f": 935171968,
    "l": 935171968,
    "T": 1624818331610,
    "m": true,
    "M": true
  },
  {
    "a": 828683287,
    "p": "32734.40000000",
    "q": "0.00984000",
    "f": 935171969,
    "l": 935171969,
    "T": 1624818331802,
    "m": true,
    "M": true
  },
  {
    "a": 828683288,
    "p": "32732.15000000",
    "q": "0.01394400",
    "f": 935171970,
    "l": 935171970,
    "T": 1624818331868,
    "m": false,
    "M": true
  },
  {
    "a": 828683289,
    "p": "32726.16000000",
    "q": "0.01111000",
    "f": 935171971,
    "l": 935171971,
    "T": 1624818331982,
    "m": false,
    "M": true
  },
  {
    "a": 828683290,
    "p": "32726.16000000",
    "q": "0.00082500",
    "f": 935171972,
    "l": 935171972,
    "T": 1624818332045,
    "m": false,
    "M": true
  },
  {
    "a": 828683291,
    "p": "32726.15000000",
    "q": "0.00227600",
    "f": 935171973,
    "l": 935171973,
    "T": 1624818332328,
    "m": true,
    "M": true
  },
  {
    "a": 828683292,
    "p": "32732.07000000",
    "q": "0.00052000",
    "f": 935171974,
    "l": 935171974,
    "T": 1624818332540,
    "m": false,
    "M": true
  },
  {
    "a": 828683293,
    "p": "32732.07000000",
    "q": "0.50000000",
    "f": 935171975,
    "l": 935171976,
    "T": 1624818332749,
    "m": false,
    "M": true
  },
  {
    "a": 828683294,
    "p": "32732.07000000",
    "q": "0.00621400",
    "f": 935171977,
    "l": 935171977,
    "T": 1624818333082,
    "m": false,
    "M": true
  },
  {
    "a": 828683295,
    "p": "32732.06000000",
    "q": "0.02666200",
    "f": 935171978,
    "l": 935171979,
    "T": 1624818333377,
    "m": true,
    "M": true
  },
  {
    "a": 828683296,
    "p": "32732.06000000",
    "q": "0.00003800",
    "f": 935171980,
    "l": 935171980,
    "T": 1624818333454,
    "m": true,
    "M": true
  },
  {
    "a": 828683297,
    "p": "32732.02000000",
    "q": "0.00340900",
    "f": 935171981,
    "l": 935171981,
    "T": 1624818333454,
    "m": true,
    "M": true
  },
  {
    "a": 828683298,
    "p": "32732.02000000",
    "q": "0.00255500",
    "f": 935171982,
    "l": 935171982,
    "T": 1624818333525,
    "m": true,
    "M": true
  },
  {
    "a": 828683299,
    "p": "32732.02000000",
    "q": "0.00083300",
    "f": 935171983,
    "l": 935171984,
    "T": 1624818333873,
    "m": true,
    "M": true
  },
  {
    "a": 828683300,
    "p": "32732.02000000",
    "q": "0.01990300",
    "f": 935171985,
    "l": 935171985,
    "T": 1624818334063,
    "m": true,
    "M": true
  },
  {
    "a": 828683301,
    "p": "32727.23000000",
    "q": "0.00061100",
    "f": 935171986,
    "l": 935171986,
    "T": 1624818334063,
    "m": true,
    "M": true
  },
  {
    "a": 828683302,
    "p": "32725.33000000",
    "q": "0.00266500",
    "f": 935171987,
    "l": 935171987,
    "T": 1624818334063,
    "m": true,
    "M": true
  },
  {
    "a": 828683303,
    "p": "32728.79000000",
    "q": "0.14000000",
    "f": 935171988,
    "l": 935171988,
    "T": 1624818334615,
    "m": false,
    "M": true
  },
  {
    "a": 828683304,
    "p": "32728.79000000",
    "q": "0.12000000",
    "f": 935171989,
    "l": 935171989,
    "T": 1624818334669,
    "m": false,
    "M": true
  },
  {
    "a": 828683305,
    "p": "32728.78000000",
    "q": "0.00165100",
    "f": 935171990,
    "l": 935171990,
    "T": 1624818334865,
    "m": true,
    "M": true
  },
  {
    "a": 828683306,
    "p": "32728.78000000",
    "q": "0.02504000",
    "f": 935171991,
    "l": 935171992,
    "T": 1624818335127,
    "m": true,
    "M": true
  },
  {
    "a": 828683307,
    "p": "32728.78000000",
    "q": "0.00000900",
    "f": 935171993,
    "l": 935171993,
    "T": 1624818335141,
    "m": true,
    "M": true
  },
  {
    "a": 828683308,
    "p": "32725.32000000",
    "q": "0.02498800",
    "f": 935171994,
    "l": 935171994,
    "T": 1624818335141,
    "m": true,
    "M": true
  },
  {
    "a": 828683309,
    "p": "32725.32000000",
    "q": "0.00928200",
    "f": 935171995,
    "l": 935171995,
    "T": 1624818335361,
    "m": true,
    "M": true
  },
  {
    "a": 828683310,
    "p": "32725.32000000",
    "q": "0.13900900",
    "f": 935171996,
    "l": 935171996,
    "T": 1624818335377,
    "m": true,
    "M": true
  },
  {
    "a": 828683311,
    "p": "32725.28000000",
    "q": "0.00061100",
    "f": 935171997,
    "l": 935171997,
    "T": 1624818335377,
    "m": true,
    "M": true
  },
  {
    "a": 828683312,
    "p": "32725.27000000",
    "q": "0.04547600",
    "f": 935171998,
    "l": 935171998,
    "T": 1624818335377,
    "m": true,
    "M": true
  },
  {
    "a": 828683313,
    "p": "32725.27000000",
    "q": "0.01858700",
    "f": 935171999,
    "l": 935171999,
    "T": 1624818335465,
    "m": true,
    "M": true
  },
  {
    "a": 828683314,
    "p": "32725.27000000",
    "q": "0.00152700",
    "f": 935172000,
    "l": 935172000,
    "T": 1624818335659,
    "m": true,
    "M": true
  },
  {
    "a": 828683315,
    "p": "32725.27000000",
    "q": "0.92040900",
    "f": 935172001,
    "l": 935172005,
    "T": 1624818335790,
    "m": true,
    "M": true
  },
  {
    "a": 828683316,
    "p": "32725.04000000",
    "q": "0.05375300",
    "f": 935172006,
    "l": 935172006,
    "T": 1624818335790,
    "m": true,
    "M": true
  },
  {
    "a": 828683317,
    "p": "32725.04000000",
    "q": "0.15591300",
    "f": 935172007,
    "l": 935172008,
    "T": 1624818336178,
    "m": true,
    "M": true
  },
  {
    "a": 828683318,
    "p": "32725.05000000",
    "q": "0.00706600",
    "f": 935172009,
    "l": 935172009,
    "T": 1624818336969,
    "m": false,
    "M": true
  },
  {
    "a": 828683319,
    "p": "32725.05000000",
    "q": "0.07733200",
    "f": 935172010,
    "l": 935172010,
    "T": 1624818337316,
    "m": false,
    "M": true
  },
  {
    "a": 828683320,
    "p": "32725.05000000",
    "q": "0.02322900",
    "f": 935172011,
    "l": 935172011,
    "T": 1624818337361,
    "m": false,
    "M": true
  },
  {
    "a": 828683321,
    "p": "32725.04000000",
    "q": "0.00500000",
    "f": 935172012,
    "l": 935172012,
    "T": 1624818337690,
    "m": true,
    "M": true
  },
  {
    "a": 828683322,
    "p": "32725.04000000",
    "q": "0.00603400",
    "f": 935172013,
    "l": 935172013,
    "T": 1624818337869,
    "m": true,
    "M": true
  },
  {
    "a": 828683323,
    "p": "32725.05000000",
    "q": "0.00328200",
    "f": 935172014,
    "l": 935172014,
    "T": 1624818337981,
    "m": false,
    "M": true
  },
  {
    "a": 828683324,
    "p": "32725.05000000",
    "q": "0.00194500",
    "f": 935172015,
    "l": 935172015,
    "T": 1624818337990,
    "m": false,
    "M": true
  },
  {
    "a": 828683325,
    "p": "32725.05000000",
    "q": "0.50407200",
    "f": 935172016,
    "l": 935172017,
    "T": 1624818338369,
    "m": false,
    "M": true
  },
  {
    "a": 828683326,
    "p": "32725.05000000",
    "q": "0.47759700",
    "f": 935172018,
    "l": 935172019,
    "T": 1624818338653,
    "m": false,
    "M": true
  },
  {
    "a": 828683327,
    "p": "32725.33000000",
    "q": "0.18711500",
    "f": 935172020,
    "l": 935172020,
    "T": 1624818338653,
    "m": false,
    "M": true
  },
  {
    "a": 828683328,
    "p": "32725.33000000",
    "q": "0.21633200",
    "f": 935172021,
    "l": 935172022,
    "T": 1624818338690,
    "m": false,
    "M": true
  },
  {
    "a": 828683329,
    "p": "32731.19000000",
    "q": "0.01628600",
    "f": 935172023,
    "l": 935172023,
    "T": 1624818338873,
    "m": true,
    "M": true
  },
  {
    "a": 828683330,
    "p": "32731.20000000",
    "q": "0.00106200",
    "f": 935172024,
    "l": 935172024,
    "T": 1624818339673,
    "m": false,
    "M": true
  },
  {
    "a": 828683331,
    "p": "32731.19000000",
    "q": "0.06402600",
    "f": 935172025,
    "l": 935172026,
    "T": 1624818339773,
    "m": true,
    "M": true
  },
  {
    "a": 828683332,
    "p": "32731.19000000",
    "q": "0.07704800",
    "f": 935172027,
    "l": 935172027,
    "T": 1624818339775,
    "m": true,
    "M": true
  },
  {
    "a": 828683333,
    "p": "32731.19000000",
    "q": "0.03417600",
    "f": 935172028,
    "l": 935172028,
    "T": 1624818339780,
    "m": true,
    "M": true
  },
  {
    "a": 828683334,
    "p": "32725.23000000",
    "q": "0.17525000",
    "f": 935172029,
    "l": 935172029,
    "T": 1624818339782,
    "m": true,
    "M": true
  },
  {
    "a": 828683335,
    "p": "32725.24000000",
    "q": "0.07268000",
    "f": 935172030,
    "l": 935172030,
    "T": 1624818339842,
    "m": false,
    "M": true
  }
]
